@online{
	radarsim,
	author = "RadarSimX",
	title = "RadarSimCpp",
	url = "https://radarsimx.com/radarsimx/radarsimcpp/",
	addendum = "(accessed: 15.12.2023)",
	keywords = "radar simulation"
}
@online{
	general1,
	author = "Christos Ilioudis",
	title = "INTRODUCTION TO RADAR SIGNAL PROCESSING",
	url = "https://udrc.eng.ed.ac.uk/sites/udrc.eng.ed.ac.uk/files/attachments/Introduction%20Radar%20signal%20processing.pdf",
	addendum = "(accessed: 01.12.2023)",
	keywords = "radar signal processing"
}
@article{
	general2,
	author = "Pranav Kumar Eranti, Buket D. Barkana",
	title = "An Overview of Direction-of-Arrival Estimation Methods Using Adaptive Directional Time-Frequency Distributions",
	journal = "Electronics",
	volume = "11",
	number = "9",
	pages = "Article no. 1321",
	year = "2022",
	DOI = "https://doi.org/10.3390/electronics11091321",
	keywords = "Direction-of-Arrival Estimation"
}

@online{music1,
    author = "Honghao Tang",
    title = "DOA estimation based on MUSIC algorithm",
    url  = "https://www.diva-portal.org/smash/get/diva2:724272/FULLTEXT01.pdf?ref=https://githubhelp.com",
    addendum = "(accessed: 02.01.2024)",
    keywords = "DOA estimation, spatial spectrum, MUSIC algorithm"
}
@online{music2,
    author = "Wikipedia",
    title = "MUSIC (algorithm)",
    url = "https://en.wikipedia.org/wiki/MUSIC_(algorithm)",
    addendum = "(accessed: 02.01.2024)",
    keywords = "DOA estimation, spatial spectrum, MUSIC algorithm"
}

@online{
    rootmusic1,
    author = "{H. K. Hwang}, {Zekeriya Aliyazicioglu}, {Marshall Grice}, {Anatoly Yakovlev}",
    title = "Direction of Arrival Estimation using a Root-MUSIC Algorithm",
    url = "https://www.iaeng.org/publication/IMECS2008/IMECS2008_pp1507-1510.pdf",
    addendum = "(accessed: 03.01.2024)",
    keywords = "Array antenna, Direction of arrival estimation, Signal processing"
}
@online{
	rootmusic2,
	author = "{Murdifi Muhammad}, {Minghui Li}, {Qammer H. Abbasi}, {Cindy Goh}, {Muhammad Imran}",
	title = "Direction of Arrival Estimation using RootTransformation Matrix Technique",
	url = "https://eprints.gla.ac.uk/181144/1/181144.pdf",
	addendum = "(accessed: 03.01.2024)",
	keywords = "DOA (Direction of Arrival), MUSIC, Root-MUSIC, ULA (Uniformed Linear Array)"
}

@online{
	espirit1,
	author = "{Rui Wang}, {Yue Wang}, {Yanping Li}, {Wenming Cao}, {Yi Yan}",
	title = "Geometric Algebra-Based ESPRIT Algorithm for DOA Estimation",
	url = "https://www.mdpi.com/1424-8220/21/17/5933",
	addendum = "(accessed: 04.01.2024)",
	keywords = "direction-of-arrival estimation; geometric algebra; ESPRIT algorithm; electromagnetic vector-sensor array"
}

@online{
	espirit2,
	author = "Wikipedia",
	title = "Estimation of signal parameters via rotational invariance techniques",
	url = "https://en.wikipedia.org/wiki/Estimation_of_signal_parameters_via_rotational_invariance_techniques",
	addendum = "(accessed: 04.01.2024)",
	keywords = "espirit"
}

@online{
	espirit3,
	author = "{Yu-Ming Ning}, {Shuang Ma}, {Qun Wu}, {Fan-Yi Meng}",
	title = "DOA Estimation Based on ESPRIT Algorithm Method for Frequency Scanning LWA",
	url = "https://ieeexplore.ieee.org/document/9068230/authors#authors",
	addendum = "(accessed: 04.01.2024)",
	keywords = "Frequency modulation, Direction-of-arrival estimation, Estimation, Signal processing algorithms, Antenna arrays, Wideband, Receiving antennas",
}
